@book{williams2011long,
  title={Long-Term Secrets to Short-Term Trading},
  author={Williams, Larry},
  year={2011},
  publisher={Wiley},
  edition={2nd},
  address={Hoboken, New Jersey}
}

@misc{williamsR,
  author={QuantInsti},
  title={Algorithmic Trading with Williams \%R in Python},
  howpublished={\url{https://blog.quantinsti.com/williams-percent-r-indicator-strategy-python/}},
  year={2022},
  note={Accessed on 21st February 2022}
}

@misc{investopediaWR,
  author={Investopedia},
  title={Williams \%R Definition},
  howpublished={\url{https://www.investopedia.com/terms/w/williamsr.asp}},
  year={2022},
  note={Accessed on 21st February 2022}
}

@article{lo1990,
  title={An econometric analysis of nonsynchronous trading},
  author={Lo, Andrew W and MacKinlay, Archie C},
  journal={The Journal of Finance},
  volume={45},
  number={2},
  pages={383--397},
  year={1990},
  publisher={Wiley Online Library}
}

@book{williams2011,
  title={Long-term secrets to short-term trading},
  author={Williams, Larry},
  year={2011},
  publisher={John Wiley \& Sons}
}

@online{investopedia_williams_R,
  title={Williams \%R},
  author={Investopedia},
  year={2022},
  url={https://www.investopedia.com/terms/w/williamsr.asp},
  urldate={2022-04-28}
}

@misc{algorithmic_trading_python,
  title={Algorithmic Trading with Williams \%R in Python},
  author={Li, Aiden},
  year={2019},
  howpublished={GitHub repository},
  url={https://github.com/Aiden-21/algorithmic-trading-python/blob/master/Williams_R.ipynb},
  urldate={2022-04-28}
}
@misc{alphavantage,
  title={AlphaVantage API},
  author={AlphaVantage},
  year={2021},
  howpublished={\url{https://www.alphavantage.co/}},
  note={Accessed: 2021-09-01}
}

@article{williams1966,
  title={A Percent Range Oscillator},
  author={Williams, Larry},
  journal={Commodity Traders Consumer Report},
  volume={3},
  pages={15--17},
  year={1966},
  publisher={Library of Congress},
}

@book{john2014,
  title={Technical Analysis of the Financial Markets: A Comprehensive Guide to Trading Methods and Applications},
  author={Murphy, John J.},
  year={2014},
  publisher={New York Institute of Finance},
}

@book{chande1995,
  title={The New Technical Trader: Boost Your Profit by Plugging into the Latest Indicators},
  author={Chande, Tushar S.},
  year={1995},
  publisher={John Wiley \& Sons},
}

@article{morton2006algorithmic,
  title={Algorithmic trading and the market for liquidity},
  author={Morton, Karl},
  journal={The Journal of Trading},
  volume={1},
  number={1},
  pages={70--76},
  year={2006},
  publisher={Wiley Online Library}
}

@article{hasbrouck2013financial,
  title={Financial econometrics: Topics in high-frequency econometrics},
  author={Hasbrouck, Joel},
  journal={Foundations and TrendsÂ® in Econometrics},
  volume={6},
  number={3-4},
  pages={157--354},
  year={2013},
  publisher={Now Publishers Inc.}
}

@inproceedings{mendelson2018machine,
  title={Machine learning for algorithmic trading: Predictive models for stocks, cryptocurrencies and commodities},
  author={Mendelson, Jakob},
  booktitle={International Conference on Machine Learning and Data Mining in Pattern Recognition},
  pages={273--284},
  year={2018},
  organization={Springer}
}

@book{chan2013algorithmic,
  title={Algorithmic trading: winning strategies and their rationale},
  author={Chan, Ernie},
  year={2013},
  publisher={John Wiley \& Sons}
}

@article{lo2010high,
  title={High-frequency trading and the execution costs of institutional investors},
  author={Lo, Andrew W and Mamaysky, Harry and Wang, Jiang},
  journal={Journal of Financial Economics},
  volume={101},
  number={1},
  pages={1--18},
  year={2011},
  publisher={Elsevier}
}